@book{noise_reduction,
	title={Advanced digital signal processing and noise reduction},
	author={Vaseghi, Saeed V},
	year={2008},
	publisher={John Wiley \& Sons}
}
@article{shot_noise,
	title={Quantum shot noise},
	journal = {Physics Today},
	author={Beenakker, CWJ and Sch{\"o}nenberger, Christian},
	year={2003},
	OPTnumber = {37},
}

