@book{Lahiri,
  title={A First Book of Quantum Field Theory},
  author={Lahiri, A. and Pal, P.B.},
  isbn={9780849338977},
  url={https://books.google.ca/books?id=\_UmPP8Yr5mYC},
  year={2005},
  publisher={Alpha Science International}
}
 
@book{Griffiths,
  title={Introduction to Elementary Particles},
  author={Griffiths, D.},
  isbn={9783527618477},
  series={Physics textbook},
  url={https://books.google.ca/books?id=Wb9DYrjcoKAC},
  year={2008},
  publisher={Wiley}
}
    
@book{Langacker,
  title={The Standard Model and Beyond},
  author={Langacker, P.},
  isbn={9781420079074},
  series={Series in High Energy Physics, Cosmology and Gravitation},
  url={https://books.google.ca/books?id=dpANo3e\_pS8C},
  year={2009},
  publisher={CRC Press}
}

@book{Goldberg,
  title={The Standard Model in a Nutshell},
  author={Goldberg, D.},
  isbn={9780691167596},
  lccn={2016040024},
  series={In a Nutshell},
  url={https://books.google.ca/books?id=NC09vgAACAAJ},
  year={2017},
  publisher={Princeton University Press}
}

@book{Dirac,
  title={The Principles of Quantum Mechanics},
  author={Dirac, P.A.M.},
  isbn={9780198520115},
  lccn={58000907},
  series={Comparative Pathobiology - Studies in the Postmodern Theory of Education},
  url={https://books.google.ca/books?id=XehUpGiM6FIC},
  year={1981},
  publisher={Clarendon Press}
}

@book{Nagashima,
  title={Elementary Particle Physics: Quantum Field Theory and Particles V1},
  author={Nagashima, Y. and Nambu, Y.},
  number={v. 1},
  isbn={9783527630103},
  url={https://books.google.com.co/books?id=J0l8s3pdOksC},
  year={2010},
  publisher={Wiley}
}

@book{Lancaster,
  title={Quantum Field Theory for the Gifted Amateur},
  author={Lancaster, T. and Blundell, S.J. and Blundell, S.},
  isbn={9780199699339},
  lccn={2013950755},
  url={https://books.google.com.co/books?id=Y-0kAwAAQBAJ},
  year={2014},
  publisher={OUP Oxford}
}

@book{Mandl,
  title={Quantum Field Theory},
  author={Mandl, F. and Shaw, G.},
  isbn={9780471496830},
  lccn={2010000255},
  series={A Wiley-Interscience publication},
  url={https://books.google.com.co/books?id=Ef4zDW1V2LkC},
  year={2010},
  publisher={Wiley}
}

@book{Thomson,
  title={Modern Particle Physics},
  author={Thomson, M.},
  isbn={9781107034266},
  lccn={2013002757},
  series={Modern Particle Physics},
  url={https://books.google.com.co/books?id=BV1sAAAAQBAJ},
  year={2013},
  publisher={Cambridge University Press}
}

@book{Peskin,
  title={An Introduction To Quantum Field Theory},
  author={Peskin, M.E. and Schroeder, D.V.},
  isbn={9780813345437},
  series={Frontiers in Physics},
  url={https://books.google.com.co/books?id=EVeNNcslvX0C},
  year={1995},
  publisher={Avalon Publishing}
}

@online{Tong,
    author = "David Tong",
    title = "Lectures on quantum field theory",
    year = 2006,
    url  = "http://www. damtp.cam.ac.uk/user/tong/qft.html",
    addendum = "(accessed: 27.12.2020)",
}
    
@article{Leike,
    author = "Leike, A.",
    title = "{The Phenomenology of extra neutral gauge bosons}",
    eprint = "hep-ph/9805494",
    archivePrefix = "arXiv",
    reportNumber = "LMU-03-98",
    doi = "10.1016/S0370-1573(98)00133-1",
    journal = "Phys. Rept.",
    volume = "317",
    pages = "143--250",
    year = "1999"
}

@article{Florez,
    author = "Fl\'orez, Andr\'es and Gurrola, Alfredo and Johns, Will and Oh, Young Do and Sheldon, Paul and Teague, Dylan and Weiler, Thomas",
    title = "{Searching for New Heavy Neutral Gauge Bosons using Vector Boson Fusion Processes at the LHC}",
    eprint = "1609.09765",
    archivePrefix = "arXiv",
    primaryClass = "hep-ph",
    doi = "10.1016/j.physletb.2017.01.062",
    journal = "Phys. Lett. B",
    volume = "767",
    pages = "126--132",
    year = "2017"
}

@inproceedings{Hayden,
    author = "Hayden, Daniel and Brock, Raymond and Willis, Christopher",
    title = "{Z Prime: A Story}",
    booktitle = "{Community Summer Study 2013}: {Snowmass on the Mississippi}",
    eprint = "1308.5874",
    archivePrefix = "arXiv",
    primaryClass = "hep-ex",
    month = "8",
    year = "2013"
}

@article{Riemann,
    author = "Riemann, S.",
    editor = "Hewett, JoAnne L.",
    title = "{Z' signals from Kaluza-Klein dark matter}",
    eprint = "hep-ph/0508136",
    archivePrefix = "arXiv",
    reportNumber = "LCWS-2005-0303",
    journal = "eConf",
    volume = "C050318",
    pages = "0303",
    year = "2005"
}

@article{Huber,
    author = "Huber, Stephan J. and Lee, Chin-Aik and Shafi, Qaisar",
    title = "{Kaluza-Klein excitations of W and Z at the LHC?}",
    eprint = "hep-ph/0111465",
    archivePrefix = "arXiv",
    reportNumber = "DESY-01-201, BA-01-50",
    doi = "10.1016/S0370-2693(02)01368-0",
    journal = "Phys. Lett. B",
    volume = "531",
    pages = "112--118",
    year = "2002"
}

@article{Maltoni,
    author = "Maltoni, Fabio and Stelzer, Tim",
    title = "{MadEvent: Automatic event generation with MadGraph}",
    eprint = "hep-ph/0208156",
    archivePrefix = "arXiv",
    doi = "10.1088/1126-6708/2003/02/027",
    journal = "JHEP",
    volume = "02",
    pages = "027",
    year = "2003"
}

@article{Aaboud,
    author = "Aaboud, Morad and others",
    collaboration = "ATLAS",
    title = "{Search for resonances in the mass distribution of jet pairs with one or two jets identified as $b$-jets in proton-proton collisions at $\sqrt{s}=13$ TeV with the ATLAS detector}",
    eprint = "1805.09299",
    archivePrefix = "arXiv",
    primaryClass = "hep-ex",
    reportNumber = "CERN-EP-2018-075",
    doi = "10.1103/PhysRevD.98.032016",
    journal = "Phys. Rev. D",
    volume = "98",
    pages = "032016",
    year = "2018"
}

@article{Martin,
   title={A SUPERSYMMETRY PRIMER},
   ISBN={9789812839657},
   ISSN={1793-1339},
   url={http://dx.doi.org/10.1142/9789812839657_0001},
   DOI={10.1142/9789812839657_0001},
   journal={Advanced Series on Directions in High Energy Physics},
   publisher={WORLD SCIENTIFIC},
   author={Martin, Stephen P.},
   year={1998},
   month={Jul},
   pages={1–98}
}

@article{Balasubramaniam,
   title={Phenomenological study of $Z’$ in the minimal $B-L$ model at LHC},
   volume={89},
   ISSN={0973-7111},
   url={http://dx.doi.org/10.1007/s12043-017-1451-7},
   DOI={10.1007/s12043-017-1451-7},
   number={4},
   journal={Pramana},
   publisher={Springer Science and Business Media LLC},
   author={Balasubramaniam, K M},
   year={2017},
   month={Oct}
}

@article{Fuks,
    author = "Conte, Eric and Fuks, Benjamin",
    title = "{Confronting new physics theories to LHC data with MADANALYSIS 5}",
    eprint = "1808.00480",
    archivePrefix = "arXiv",
    primaryClass = "hep-ph",
    doi = "10.1142/S0217751X18300272",
    journal = "Int. J. Mod. Phys. A",
    volume = "33",
    number = "28",
    pages = "1830027",
    year = "2018"
}

@misc{Hadjiivanov,
      title={Neutrino, parity violaton, V-A: a historical survey}, 
      author={Ludmil Hadjiivanov},
      year={2018},
      eprint={1812.11629},
      archivePrefix={arXiv},
      primaryClass={physics.hist-ph}
}

@article{Sjostrand,
   title={PYTHIA 6.4 physics and manual},
   volume={2006},
   ISSN={1029-8479},
   url={http://dx.doi.org/10.1088/1126-6708/2006/05/026},
   DOI={10.1088/1126-6708/2006/05/026},
   number={05},
   journal={Journal of High Energy Physics},
   publisher={Springer Science and Business Media LLC},
   author={Sjöstrand, Torbjörn and Mrenna, Stephen and Skands, Peter},
   year={2006},
   month={May},
   pages={026–026}
}

@misc{Ovyn,
      title={Delphes, a framework for fast simulation of a generic collider experiment}, 
      author={S. Ovyn and X. Rouby and V. Lemaitre},
      year={2010},
      eprint={0903.2225},
      archivePrefix={arXiv},
      primaryClass={hep-ph}
}

@inproceedings{Brun,
    author = "Brun, R. and Rademakers, F. and Panacek, S.",
    title = "{ROOT, an object oriented data analysis framework}",
    booktitle = "{CERN School of Computing (CSC 2000)}",
    doi = "10.5170/CERN-2000-013.11",
    pages = "11--42",
    year = "2000"
}

@article{Sirunyan,
    author = "Sirunyan, Albert M and others",
    collaboration = "CMS",
    title = "{Search for dijet resonances in proton\textendash{}proton collisions at $\sqrt{s}$ = 13 TeV and constraints on dark matter and other models}",
    eprint = "1611.03568",
    archivePrefix = "arXiv",
    primaryClass = "hep-ex",
    reportNumber = "CMS-EXO-16-032, CERN-EP-2016-277",
    doi = "10.1016/j.physletb.2017.02.012",
    journal = "Phys. Lett. B",
    volume = "769",
    pages = "520--542",
    year = "2017",
    note = "[Erratum: Phys.Lett.B 772, 882--883 (2017)]"
}

@article{Kaluza,
    author = "Kaluza, Th.",
    title = {{Zum Unit\"atsproblem der Physik}},
    eprint = "1803.08616",
    archivePrefix = "arXiv",
    primaryClass = "physics.hist-ph",
    reportNumber = "HUPD-8401",
    doi = "10.1142/S0218271818700017",
    journal = "Int. J. Mod. Phys. D",
    volume = "27",
    number = "14",
    pages = "1870001",
    year = "2018"
}

@article{results1,
    collaboration = "ATLAS",
    title = "{Prospects for searches for heavy $Z^\prime$ and $W^\prime$ bosons in fermionic final states with the ATLAS experiment at the HL-LHC}",
    reportNumber = "ATL-PHYS-PUB-2018-044",
    year = "2018"
}

@article{results2,
    author = "Aad, Georges and others",
    collaboration = "ATLAS",
    title = "{Search for $ t\overline{t} $ resonances in fully hadronic final states in $pp$ collisions at $ \sqrt{s} $ = 13 TeV with the ATLAS detector}",
    eprint = "2005.05138",
    archivePrefix = "arXiv",
    primaryClass = "hep-ex",
    reportNumber = "CERN-EP-2020-055",
    doi = "10.1007/JHEP10(2020)061",
    journal = "JHEP",
    volume = "10",
    pages = "061",
    year = "2020"
}

@article{Haxton,
   title={Neutrino physics},
   volume={68},
   ISSN={1943-2909},
   url={http://dx.doi.org/10.1119/1.19368},
   DOI={10.1119/1.19368},
   number={1},
   journal={American Journal of Physics},
   publisher={American Association of Physics Teachers (AAPT)},
   author={Haxton, Wick C. and Holstein, Barry R.},
   year={2000},
   month={Jan},
   pages={15–32}
}

@article{Weinberg,
  title = {A Model of Leptons},
  author = {Weinberg, Steven},
  journal = {Phys. Rev. Lett.},
  volume = {19},
  issue = {21},
  pages = {1264--1266},
  numpages = {0},
  year = {1967},
  month = {Nov},
  publisher = {American Physical Society},
  doi = {10.1103/PhysRevLett.19.1264},
  url = {https://link.aps.org/doi/10.1103/PhysRevLett.19.1264}
}

@article{higgs1,
    author = "Sirunyan, Albert M. and others",
    collaboration = "CMS",
    title = "{Search for the Higgs boson decaying to two muons in proton-proton collisions at $\sqrt{s} =$ 13 TeV}",
    eprint = "1807.06325",
    archivePrefix = "arXiv",
    primaryClass = "hep-ex",
    reportNumber = "CMS-HIG-17-019, CERN-EP-2018-165",
    doi = "10.1103/PhysRevLett.122.021801",
    journal = "Phys. Rev. Lett.",
    volume = "122",
    number = "2",
    pages = "021801",
    year = "2019"
}

@article{higgs2,
   title={A search for the dimuon decay of the Standard Model Higgs boson with the ATLAS detector},
   volume={812},
   ISSN={0370-2693},
   url={http://dx.doi.org/10.1016/j.physletb.2020.135980},
   DOI={10.1016/j.physletb.2020.135980},
   journal={Physics Letters B},
   publisher={Elsevier BV},
   author={Aad, Georges and others},
   year={2021},
   month={Jan},
   pages={135980}
}

@article{ALICE,
    author = "Aamodt, K. and others",
    collaboration = "ALICE",
    title = "{The ALICE experiment at the CERN LHC}",
    doi = "10.1088/1748-0221/3/08/S08002",
    journal = "JINST",
    volume = "3",
    pages = "S08002",
    year = "2008"
}

@article{LHCb,
    author = "Barbosa-Marinho, P. R. and others",
    collaboration = "LHCb",
    title = "{LHCb online system technical design report: Data acquisition and experiment control}",
    reportNumber = "CERN-LHCC-2001-040",
    month = "12",
    year = "2001"
}

@article{CMS,
    author = "Chatrchyan, S. and others",
    collaboration = "CMS",
    title = "{The CMS Experiment at the CERN LHC}",
    doi = "10.1088/1748-0221/3/08/S08004",
    journal = "JINST",
    volume = "3",
    pages = "S08004",
    year = "2008"
}

@article{ATLAS,
    author = "Aad, G. and others",
    collaboration = "ATLAS",
    title = "{The ATLAS Experiment at the CERN Large Hadron Collider}",
    doi = "10.1088/1748-0221/3/08/S08003",
    journal = "JINST",
    volume = "3",
    pages = "S08003",
    year = "2008"
}

@article{LHC,
    editor = "Evans, Lyndon and Bryant, Philip",
    title = "{LHC Machine}",
    doi = "10.1088/1748-0221/3/08/S08001",
    journal = "JINST",
    volume = "3",
    pages = "S08001",
    year = "2008"
}

@article{CMScoordinate,
    author = "Schott, Matthias and Dunford, Monica",
    title = "{Review of single vector boson production in pp collisions at $\sqrt{s} = 7$ TeV}",
    eprint = "1405.1160",
    archivePrefix = "arXiv",
    primaryClass = "hep-ex",
    doi = "10.1140/epjc/s10052-014-2916-1",
    journal = "Eur. Phys. J. C",
    volume = "74",
    pages = "2916",
    year = "2014"
}

@article{paperCMS,
    author = "Khachatryan, Vardan and others",
    collaboration = "CMS",
    title = "{Performance of the CMS missing transverse momentum reconstruction in pp data at $\sqrt{s}$ = 8 TeV}",
    eprint = "1411.0511",
    archivePrefix = "arXiv",
    primaryClass = "physics.ins-det",
    reportNumber = "CMS-JME-13-003, CERN-PH-EP-2014-246",
    doi = "10.1088/1748-0221/10/02/P02006",
    journal = "JINST",
    volume = "10",
    number = "02",
    pages = "P02006",
    year = "2015"
}

@article{luminosity,
    author = "Herr, W. and Muratori, B.",
    title = "{Concept of luminosity}",
    url = "https://cds.cern.ch/record/941318",
    doi = "10.5170/CERN-2006-002.361",
    year = "2006"
}

@article{imagenCMS,
    author = "Fournier, Daniel and Virdee, Tejinder",
    title = "{The ATLAS and CMS detectors at the LHC}",
    doi = "10.1016/j.crhy.2015.03.018",
    journal = "Comptes Rendus Physique",
    volume = "16",
    pages = "356--367",
    year = "2015"
}

@article{jets,
    author = "Atkin, Ryan",
    editor = "Cornell, Alan S. and Mellado, Bruce",
    title = "{Review of jet reconstruction algorithms}",
    doi = "10.1088/1742-6596/645/1/012008",
    journal = "J. Phys. Conf. Ser.",
    volume = "645",
    number = "1",
    pages = "012008",
    year = "2015"
}

@article{b-tagging,
    author = "Obikhod, T. V. and Petrenko, E. A.",
    title = "{B-tagging and searches for new physics beyond the Standard Model}",
    eprint = "1901.07885",
    archivePrefix = "arXiv",
    primaryClass = "hep-ph",
    journal = "Prob. Atomic Sci. Technol.",
    volume = "2020",
    number = "5",
    pages = "3--7",
    year = "2020"
}

@article{higgsmumu,
    collaboration = "CMS",
    title = "{Measurement of Higgs boson decay to a pair of muons in proton-proton collisions at $\sqrt{s}=13\,\mathrm{TeV}$}",
    reportNumber = "CMS-PAS-HIG-19-006",
    year = "2020"
}